<bibtex>


@INPROCEEDINGS{usercentereddesign,
    author = {Chadia Abras and Diane Maloney-krichmar and Jenny Preece},
    title = {User-Centered Design},
    booktitle = {In Bainbridge, W. Encyclopedia of Human-Computer Interaction. Thousand Oaks: Sage Publications},
    year = {2004},
    publisher = {Publications}
}

@BOOK{suBoken,
address = {Harlow, England},
  author = {Sommerville, Ian},
  edition = 9,
  isbn = {978-0-13-703515-1},
  publisher = {Addison-Wesley},
  title = {Software Engineering},
  year = 2010,
}

@INCOLLECTION{prototypingWebDesign,
    title={Holistic rapid prototyping for web design: Early usability testing is essential},
    year={1997},
    author={Elizabeth Boling AND Theodore W. Frick},
    booktitle={Web-Based Instruction},
    editor={Badrul H. Khan},
    ISBN={0-87778-296-2},
    pages={319-328},
    publisher={ Educational Technology Publications},
    location={Englewood Cliffs},
}

@book{Seidman,
    author = {Seidman, Irving},
    isbn = {0807746665},
    month = jan,
    publisher = {{Teachers College Press}},
    title = {{Interviewing As Qualitative Research: A Guide for Researchers in Education And the Social Sciences}},
    url = {http://www.worldcat.org/isbn/0807746665},
    year = {2006},
}

@ARTICLE{TallOgFakta2013,
    author = {Legemiddelindustrien},
    title = {Tall og fakta 2013 - Legemidler og helsetjeneste},
    journal = {Tall og fakta},
    year = {2013},
    month = {March},
    url= {http://www.lmi.no/media/3041220/tf2013.pdf },
}

 @BOOK{IllustrertFarmakologi,
	title = {Illustrert Farmakologi Bind 1},
	edition = {3},
	ISBN = {978-82-450-1010-7},
	author = {Terje Simonsen and Jarle Aarbakke},
	editor = {Fagbokforlaget},
	publisher = {Fagbokforlaget},
    year = {2010},
}

@article{CancerPatients,
author = {Cassileth, Barrie R. and Zupkis, Robert V. and Sutton-Smith, Katherine and March, Vicki},
title = {Information and Participation Preferences Among Cancer Patients},
journal = {Annals of Internal Medicine},
volume = {92},
number = {6},
pages = {832-836},
year = {1980},
doi = {10.7326/0003-4819-92-6-832},
URL = {http://dx.doi.org/10.7326/0003-4819-92-6-832},
}

@BOOK{Apotekteknikk,
author = {Ingvild Forbord Fiksdal and Gunn Habberstad and Wenche Haakedaler},
editor = {Vett og viten A/S},
publisher = {Vett og viten A/S},
title = {Apotekteknikk Helsefremmende arbeid},
year = {2009},
note = {Kapittel 4},
}

@ARTICLE{PDS:PDS667,
author = {Mjörndal, Tom and Boman, Marit Danell and Hägg, Staffan and Bäckström, Martin and Wiholm, Bengt-Erik and Wahlin, Anders and Dahlqvist, Rune},
title = {Adverse drug reactions as a cause for admissions to a department of internal medicine},
journal = {Pharmacoepidemiology and Drug Safety},
volume = {11},
number = {1},
publisher = {John Wiley & Sons, Ltd.},
issn = {1099-1557},
url = {http://dx.doi.org/10.1002/pds.667},
doi = {10.1002/pds.667},
pages = {65--72},
year = {2002},
month = {January},
}

@ARTICLE{JOIM:JOIM892,
author = {Buajordet, I. and Ebbesen, J. and Erikssen, J. and Brørs, O. and Hilberg, T. },
title = {Fatal adverse drug events: the paradox of drug treatment},
journal = {Journal of Internal Medicine},
volume = {250},
number = {4},
publisher = {Blackwell Science Ltd},
issn = {1365-2796},
url = {http://dx.doi.org/10.1111/j.1365-2796.2001.00892.x},
doi = {10.1111/j.1365-2796.2001.00892.x},
pages = {327--341},
year = {2001},
month = {Octobre},
}

@ONLINE{LeksikonSymptom,
howpublished = {Store Medisinske Leksikon},
author = {Erik Kåss},
title = {Symptom},
year = {2009},
month = {February},
url = {https://sml.snl.no/symptom},
urldate = {2015-04-24},
}

@ONLINE{LeksikonInformasjonssikkerhet,
howpublished = {Store Norske Leksikon},
author = {Store Norske Leksikon},
title = {Informasjonssikkerhet},
year = {2009},
month = {February},
url = {https://snl.no/informasjonssikkerhet},
urldate = {2015-06-03},
}


@misc{MedicineNet,
author = {Omudhome Ogbru},
editor = {Jay Marks},
title = {Indications for Drugs (uses), Approved vs. Non-approved},
year = {2014},
url = {http://www.medicinenet.com/script/main/art.asp?articlekey=20732},
urldate = {2015-04-24},
}


@article {AdverseDrugReactions,
author = {Routledge, P. A. and O'Mahony, M. S. and Woodhouse, K. W.},
title = {Adverse drug reactions in elderly patients},
journal = {British Journal of Clinical Pharmacology},
volume = {57},
number = {2},
publisher = {Blackwell Science Ltd},
issn = {1365-2125},
url = {http://dx.doi.org/10.1046/j.1365-2125.2003.01875.x},
doi = {10.1046/j.1365-2125.2003.01875.x},
pages = {121--126},
year = {2004},
}

@BOOK{Stockley,
author = {Karen Baxter}, 
title = {Stockley’s Drug Interactions},
editor = {Karen Baxter},
publisher = {Pharmaceutical Press},
year = {2008},
}

@techreport{ISO9241-11,
 author = {ISO},
 Institution = {International Organization for Standardization},
 address = {Geneva, Switzerland},
 Title = {Ergonomic requirements for office work with visual display terminals (VDTs) — Part 11: Guidance on usability},
 number = {ISO 9241-11:1998},
 Type = {ISO},
 Year = {1998},
url = {https://www.iso.org/obp/ui/#iso:std:iso:9241:-11:ed-1:v1:en:sec:D},
 }
 
 @BOOK{MMIboken25,
 author = {Ben Shneiderman AND Catherine Plaisant},
 pages = {25},
 title = {Designing the User Interface: Strategies for Effective Human-Computer Interaction},
 year = {2005},
 isbn = {0-321-19786-0},
 edition = {4},
 publisher = {Addison-Wesley Longman Publishing Co., Inc.},
} 

@incollection{designForGamlisser,
 author = {Czaja, Sara J. and Lee, Chin Chin},
 chapter = {Designing Computer Systems for Older Adults},
 title = {The Human-computer Interaction Handbook},
 editor = {Jacko, Julie A. and Sears, Andrew},
 year = {2003},
 isbn = {0-8058-3838-4},
 pages = {413--427},
 numpages = {15},
 url= {https://books.google.no/books?id=b3rg6wmjc5QC},
 acmid = {772101},
 publisher = {L. Erlbaum Associates Inc.},
 address = {Hillsdale, NJ, USA},
} 

@REPORT{Sosial-OgHelsedirektoratet,
	author = {Sosial- og Helsedirektoratet},
    title = {Multidosepakking av legemidler - En samfunnsøkonomisk vurdering av tiltak},
	year = {2007},
    url = {http://www.helsedirektoratet.no/kvalitet-planlegging/legemidler/multidose/Documents/multidosepakking-av-legemidler-sluttrapport.pdf},
    urldate={2015-05-09},
}

@article{HumanErrorModelsManagement,
	author = {Reason, James},
	title = {Human error: models and management},
	volume = {320},
	number = {7237},
	pages = {768--770},
	year = {2000},
	doi = {10.1136/bmj.320.7237.768},
	publisher = {BMJ Publishing Group Ltd},
	isbn = {1468-5833},
	issn = {0959-8138},
	journal = {BMJ},
}


@ARTICLE{vetFast,
    author = {Sture Rognstad and Jørund Straand},
    title = {Vet fastlegen hvilke medisiner hjemmesykepleien gir pasientene?},
    journaltitle = {Tidsskrift for den norske legeforening},
    year = {2004},
    month = {March},
    url = {http://tidsskriftet.no/article/994172},
    urldate={2015-05-09},
}

@ARTICLE{komLegemidler,
    author = {Kjersti Bakken and Eli Larsen and Per Christian Lindberg and Ellen Rygh and Per Hjortdahl},
    title = {Mangelfull kommunikasjon om legemiddelbruk i primærhelsetjenesten},
    journaltitle = {Tidsskrift for den norske legeforening},
    year = {2007},
    month = {June},
    url = {http://tidsskriftet.no/article/1554543},
    urldate={2015-05-09},
}

@ARTICLE{BCP:BCP204,
    author = {Lau, Hong Sang and Florax, Christa and Porsius, Arijan J. and De Boer, Anthonius},
    title = {The completeness of medication histories in hospital medical records of patients admitted to general internal medicine wards},
    journal = {British Journal of Clinical Pharmacology},
    volume = {49},
    number = {6},
    publisher = {Blackwell Science Ltd},
    issn = {1365-2125},
    url = {http://dx.doi.org/10.1046/j.1365-2125.2000.00204.x},
    doi = {10.1046/j.1365-2125.2000.00204.x},
    pages = {597--603},
    year = {2000},
    month = {June},
}

@ARTICLE{doi:10.1001/jama.1995.03530010049034,
    author={Leape, Lucian L and Bates, David W and Cullen, David J and Cooper, Jeffrey and Demonaco, Harold J and Gallivan, Theresa and Hallisey, Robert and Ives, Jeanette and Laird, Nan and Laffel, Glenn},
    publisher={American Medical Association},
    title = {Systems analysis of adverse drug events},
    journal = {JAMA},
    volume = {274},
    number = {1},
    pages = {35--43},
    year = {1995},
    month = {July},
    doi = {10.1001/jama.1995.03530010049034},
    URL = {http://dx.doi.org/10.1001/jama.1995.03530010049034},
}

@ONLINE{Pasientsikkerhetsprosjektet,
	author = {Pasientsikkerhetsprogrammet},
	title = {Samstemming av legemiddellister},
    url = {http://www.pasientsikkerhetsprogrammet.no/no/I+trygge+hender/Innsatsomr%C3%A5der/Samstemming+av+legemiddellister.16.cms },
	urldate = {2015-02-16},
}

@ARTICLE{tasLegemidler,
    author = {Ingrid Hov and Margunn Bjartnes and Lars Slørdal and Olav Spigset},
    title = {Tas legemidler som foreskrevet?},
    journaltitle = {Tidsskrift for den norske legeforening},
    year = {2012},
    month = {February},
    doi = {10.4045/tidsskr.11.0225},
    url = {http://dx.doi.org/10.4045/tidsskr.11.0225},
}

@book{ConcordanceAdherenceCompliance,
  title={Concordance, Adherence and Compliance in Medicine Taking},
  author={Horne, R. and Weinman, J. and Barber, N. and Elliott, R. and Morgan, M. and Cribb, A. and Kellar, I.},
  year={2005},
  publisher={London: National Co-ordinating Centre for NHS Service Delivery and Organisation},
}


@BOOK{WHO,
    author = {World Health Organization},
    title = {Adherence To Long-Term Theraphies},
    year = {2003},
    ISBN = {92 4 154599 2},
    url = {http://apps.who.int/medicinedocs/pdf/s4883e/s4883e.pdf},
    urldate = {2015-02-16},
}

@ARTICLE{ApotekINorge,
    author = {Apotekforeningen},
    title = {Fakta om feil legemiddelbruk},
    journaltitle = {Apotekforeningens tidsskrift},
    pages = {11},
    year = {2014},
    month = {March},
    note = {nr. 1 - 122. årgang},
    url = {http://www.apotek.no/Files/Filer_2013/%C3%85pne%20sider/Apotekforeningens%20Tidsskrift/apotek_0114_web.pdf},
    urldate = {2015-02-16},
}



@article{Donovan1992507,
	author = "Jenny L. Donovan and David R. Blake",
title = "Patient non-compliance: Deviance or reasoned decision-making? ",
journal = "Social Science \& Medicine ",
volume = "34",
number = "5",
pages = "507 - 513",
year = "1992",
note = "",
issn = "0277-9536",
doi = "10.1016/0277-9536(92)90206-6",
url =  "http://dx.doi.org/10.1016/0277-9536(92)90206-6",
}


@article{doi:10.1056/NEJMra050100,
author = {Osterberg, Lars and Blaschke, Terrence},
title = {Adherence to Medication},
journal = {New England Journal of Medicine},
volume = {353},
number = {5},
pages = {487-497},
year = {2005},
doi = {10.1056/NEJMra050100},
URL = {http://dx.doi.org/10.1056/NEJMra050100},
}

@article {JOCN:JOCN1477,
author = {Ulfvarson, Johanna and Bardage, Carola and Wredling, Regina A-M and Von Bahr, Christer and Adami, Johanna},
title = {Adherence to drug treatment in association with how the patient perceives care and information on drugs},
journal = {Journal of Clinical Nursing},
volume = {16},
number = {1},
publisher = {Blackwell Publishing Ltd},
issn = {1365-2702},
url = {http://dx.doi.org/10.1111/j.1365-2702.2005.01477.x},
doi = {10.1111/j.1365-2702.2005.01477.x},
pages = {141--148},
year = {2007},
month = {January},
}

@BOOK{suBoken,
address = {Harlow, England},
  author = {Sommerville, Ian},
  edition = {9},
  isbn = {978-0-13-703515-1},
  publisher = {Addison-Wesley},
  title = {Software Engineering},
  year = {2010},
}
@article{sus,
  title={SUS - A quick and dirty usability scale},
  author={Brooke, John},
  journal={Usability evaluation in industry},
  volume={189},
  number={194},
  pages={4--7},
  year={1996},
  publisher={London}
}
@article{bangor2009determining,
  title={Determining what individual SUS scores mean: Adding an adjective rating scale},
  author={Bangor, Aaron and Kortum, Philip and Miller, James},
  journal={Journal of usability studies},
  volume={4},
  number={3},
  pages={114--123},
  year={2009}
}

@article{MeasuringDesirability,
author = {Joey Benedek and Trish Miner},
year = {2002},
journal = {uxmatters},
title = {Measuring Desirability: New Methods for Evaluating Desirability in a Usability Lab Setting.},
}

@article{MeasuringSatisfaction,
author ={David Travis}, 
title = {Measuring satisfaction: Beyond the usability questionnaire},
year = {2008},
journal = {Userfocus},
url = {http://www.userfocus.co.uk/articles/satisfaction.html},
}

@ARTICLE{MultimorbidityPrimaryCare,
	title = {Multimorbidity in primary care: Prevalence and trend over the last 20 years},
	author = {Annemarie A. Uijen and Eloy H. von de Lisdonk},
	year = {2008},
	doi = {10.1080/13814780802436093},
	journal = {European Journal of General Practice},
	pages = {28-32},
volume  = {14},
	url = {http://dx.doi.org/10.1080/13814780802436093},
}	

@MISC{stmeld1820042005,
title={St. meld nr. 18 (2004-2005)},
note={Rett kurs mot riktigere legemiddelbruk},
url={http://www.regjeringen.no/nb/dep/hod/dok/regpubl/stmeld/20042005/stmeld-nr-18-2004-2005-.html?id=406517},
urldate = {2015-05-01},
}

@MISC{legemiddelgjennomgang,
author={Elin Engh AND Anette Hylen Ranhoff AND Kirsten K. Viktil},
title={G24 Legemiddelgjennomgang (LMG)},
publisher={Norsk Legemiddelhåndbok},
year={2012},
url={ http://legemiddelhandboka.no/Generelle/311096},
urldate = {2015-05-01},
}

@MISC{sjekklisteLegemiddelgjennomgang,
title={Sjekkliste for legemiddelgjennomgang},
url={http://www.legemiddelverket.no/Bruk_og_raad/Raad_til_helsepersonell/Legemiddelgjennomgang/Lists/PageAttachments/default/NO/135584-StatensLegemiddelverk-Sjekkliste-05-DSR.pdf},
urldate = {2015-05-01},
}

@BOOK{apotekOgLegemidler2013,
	author = {Apotekforeningen},
	title = {Aptek og legemidler 2013},
	ISBN = {9788293164043},
    url = {http://www.apotek.no/Admin/Public/Download.aspx?file=Files%2FFiler_2013%2F%C3%85pne+sider%2FB%C3%B8ker+brosjyrer%2FApotek+og+legemidler+2013.pdf},
    urldate={2015-05-01},
}

@ARTICLE{sykehusapotekenesOrganisering,
author = {Nina Refsum and Gunn Fredriksen and Per Lund and Liv Unni Naalsund and Johan F.B. Sandal and Astri Thorsen},
journal = {Tidsskrift for den norske legeforening},
year = {2004},
note = {124:1263–4},
	url = {http://tidsskriftet.no/article/1014726},
	urldate={2015-05-13},
}


@REPORT{HelsetilsynetRapport,
author = {Helsetilsynet},
title = {Sikrere legemiddelhåndtering i pleie- og omsorgstjenesten},
institution = {Helsetilsynet},
type = {rapport},
year = {2002},
url = {https://www.helsetilsynet.no/upload/publikasjoner/rapporter2002/sikrere_legemiddelhaandtering_pleie_omsorgstjenester_rapport_112002.pdf},
urldate = {2015-01-11},
}

@article{Wekre01082012,
author = {Wekre, Liv Johanne and Bakken, Kjersti and Garåsen, Helge and Grimsmo, Anders}, 
title = {GPs’ prescription routines and cooperation with other healthcare personnel before and after implementation of multidose drug dispensing},
volume = {40}, 
number = {6}, 
pages = {523-530}, 
year = {2012}, 
journal = {Scandinavian Journal of Public Health},
doi = {10.1177/1403494812455468}, 
url={http://doi.org/10.1177/1403494812455468},
}

@article{Wekre01102010,
author = {Wekre, Liv Johanne and Spigset, Olav and Sletvold, Olav and Sund, Janne Kutschera and Grimsmo, Anders}, 
title = {Multidose drug dispensing and discrepancies between medication records},
volume = {19}, 
number = {5}, 
pages = {e42}, 
year = {2010}, 
doi = {10.1136/qshc.2009.038745}, 
URL = {http://doi.org/10.1136/qshc.2009.038745},
urldate = {2015-01-11},
journal = {Quality and Safety in Health Care},
}

@article{Kwint01092013,
author = {Kwint, Henk-Frans and Stolk, Glenn and Faber, Adrianne and Gussekloo, Jacobijn and Bouvy, Marcel L.}, 
title = {Medication adherence and knowledge of older patients with and without multidose drug dispensing},
volume = {42}, 
number = {5}, 
pages = {620-626}, 
year = {2013}, 
doi = {10.1093/ageing/aft083}, 
URL = {http://doi.org/10.1093/ageing/aft083},
journal = {Age and Ageing}, 
}

@article{Larsen2007265,
title = {The impact of an automated dose-dispensing scheme on user compliance, medication understanding, and medication stockpiles},
author = {Anna Bira Larsen and Lotte Stig Haugbølle},
journal = {Research in Social and Administrative Pharmacy},
volume = {3},
number = {3},
pages = {265-284},
year = {2007},
issn = {1551-7411},
doi = {10.1016/j.sapharm.2006.10.002},
url = {http://dx.doi.org/10.1016/j.sapharm.2006.10.002},
}

@article{Rahmner01012010,
author = {Rahmner, Pia Bastholm and Gustafsson, Lars L. and Holmström, Inger and Rosenqvist, Urban and Tomson, Göran}, 
title = {Whose Job Is It Anyway? Swedish General Practitioners’ Perception of Their Responsibility for the Patient’s Drug List},
journal = {The Annals of Family Medicine},
volume = {8}, 
number = {1}, 
pages = {40-46}, 
year = {2010}, 
doi = {10.1370/afm.1074},
url= {http://doi.org/10.1370/afm.1074},
}

@article{multidoseFeil,
year={2009},
issn={0031-6970},
journal={European Journal of Clinical Pharmacology},
volume={65},
number={10},
doi={10.1007/s00228-009-0680-1},
title={Improved quality in the hospital discharge summary reduces medication errors—LIMM: Landskrona Integrated Medicines Management},
url={http://dx.doi.org/10.1007/s00228-009-0680-1},
publisher={Springer-Verlag},
author={Bergkvist, Anna and Midlöv, Patrik and Höglund, Peter and Larsson, Lisa and Bondesson, Åsa and Eriksson, Tommy},
pages={1037-1046},
}

@Article{23295105,
AUTHOR = {Sinnemaki, Juha and Sihvo, Sinikka and Isojarvi, Jaana and Blom, Marja and Airaksinen, Marja and Mantyla, Antti},
TITLE = {Automated dose dispensing service for primary healthcare patients: a systematicreview},
JOURNAL = {Systematic Reviews},
VOLUME = {2},
YEAR = {2013},
NUMBER = {1},
PAGES = {1},
URL = {http://dx.doi.org/10.1186/2046-4053-2-1},
DOI = {10.1186/2046-4053-2-1},
PubMedID = {23295105},
ISSN = {2046-4053},
}

@article{mutiDose,
year={2012},
issn={0031-6970},
journal={European Journal of Clinical Pharmacology},
volume={68},
number={7},
doi={10.1007/s00228-012-1230-9},
title={Association between multi-dose drug dispensing and drug treatment changes},
url={http://dx.doi.org/10.1007/s00228-012-1230-9},
publisher={Springer-Verlag},
author={Sjöberg, Christina and Ohlsson, Henrik and Wallerstedt, Susanna M.},
pages={1095-1101},
}

@article {PDS:PDS2232,
author = {Halvorsen, Kjell H. and Granas, Anne Gerd and Engeland, Anders and Ruths, Sabine},
title = {Prescribing quality for older people in Norwegian nursing homes and home nursing services using multidose dispensed drugs},
journal = {Pharmacoepidemiology and Drug Safety},
volume = {21},
number = {9},
issn = {1099-1557},
url = {http://dx.doi.org/10.1002/pds.2232},
doi = {10.1002/pds.2232},
pages = {929-936},
year = {2012},
}


@Article{23295105,
AUTHOR = {Sinnemaki, Juha and Sihvo, Sinikka and Isojarvi, Jaana and Blom, Marja and Airaksinen, Marja and Mantyla, Antti},
TITLE = {Automated dose dispensing service for primary healthcare patients: a systematicreview},
JOURNAL = {Systematic Reviews},
VOLUME = {2},
YEAR = {2013},
NUMBER = {1},
PAGES = {1},
URL = {http://dx.doi.org/10.1186/2046-4053-2-1},
DOI = {10.1186/2046-4053-2-1},
PubMedID = {23295105},
ISSN = {2046-4053},
}

@article{doi:10.3109/02813432.2011.554002,
author = {Wekre, Liv Johanne and Melby, Line and Grimsmo, Anders},
title = {Early experiences with the multidose drug dispensing system – A matter of trust?},
journal = {Scandinavian Journal of Primary Health Care},
volume = {29},
number = {1},
pages = {45-50},
year = {2011},
doi = {10.3109/02813432.2011.554002},
URL = {http://dx.doi.org/10.3109/02813432.2011.554002},
}

@ONLINE{OmMultidose,
author = {Apotekforeningen},
title = {Multidose},
url = {http://apotekstatistikk.no/7--legemiddel%C2%ADmarkedet/7-8-multidose.aspx},
urldate = {2015-01-16},
}

@mastersthesis{AutomatiskPilledispenser,
author={Kristina Haugen},
title={Automatisk Pilledispenser},
school={NTNU},
year={2006},
URL={http://daim.idi.ntnu.no/masteroppgaver/001/1253/masteroppgave.pdf},
urldate={2015-05-09},
}

@ONLINE{omFEST,
author = {Legemiddelverket},
title = {Om FEST},
url = {http://www.legemiddelverket.no/Bruk_og_raad/FEST/hva_er_fest/Sider/default.aspx},
urldate = {2015-01-08},
}

@ONLINE{OmInteraksjonerdotno,
author = {Legemiddelverket},
title = {Bakgrunnsinformasjon om interaksjoner.no},
url = {http://interaksjoner.no/flinkFest.asp},
urldate = {2014-10-03},
}

@ONLINE{OmNormen,
title = {Om Normen},
url = {http://helsedirektoratet.no/lover-regler/norm-for-informasjonssikkerhet/om-normen/Sider/default.aspx},
urldate = {2014-11-24},
}

@BOOK{kommentarutgaveHelseregisterloven,
title = {Helseregisterloven, kommentarutgave}, 
author = {Sverre Engelschiøn and Christine Lie Ulrichsen and Bjørn Nilsen},
publisher = {Universitetsforlaget},
year = {2002},
}


@article{MedicationReview,
  title={Medication review and reconciliation with cooperation between pharmacist and general practitioner and the benefit for the patient: a systematic review},
  author={Geurts, Marlies ME and Talsma, Jaap and Brouwers, Jacobus RBJ and de Gier, Johan J},
  journal={British journal of clinical pharmacology},
  volume={74},
  number={1},
  pages={16--33},
  year={2012},
  publisher={Wiley Online Library},
  doi={10.1111/j.1365-2125.2012.04178.x},
}

@MANUAL{legemiddelgjennomgangVeileder,
title={Veileder om legemiddelgjennomganger},
year={2012},
organization={Helsedirektoratet},
note={IS-1998},
url={http://helsedirektoratet.no/publikasjoner/veileder-om-legemiddelgjennomganger/Publikasjoner/veileder-legemiddelgjennomgang.pdf},
}

@article{HealthEconomic,
  title={Health economic evaluation of the Lund Integrated Medicines Management Model (LIMM) in elderly patients admitted to hospital},
  author={Ghatnekar, Ola and Bondesson, Åsa and Persson, Ulf and Eriksson, Tommy},
  journal={BMJ open},
  volume={3},
  number={1},
  year={2013},
  publisher={British Medical Journal Publishing Group},
  doi = {10.1136/bmjopen-2012-001563},
}

@article{haugen2014effect,
  title={Effect of the World Health Organization Checklist on Patient Outcomes},
  author={Haugen, A and Søfteland, Eirik and Almeland, S and Sevdalis, Nick and Vonen, Barthold and Eide, Geir E and Nortvedt, Monica W and Harthug, Stig},
  journal={Ann Surg},
  year={2014}
}

@article{utposten,
author = {Bjarne Austad},
year = {2014},
title = {Nasjonale retningslinjer i allmennpraksis - for mye av der gode?},
journal = {Utposten},
url = {http://www.utposten-stiftelsen.no/Portals/14/2014Utposten/UP2_14/20_21_nasj\%20retningslinjer_UP_2_14w.pdf},
urldate = {2015-05-11},
}

@Article{19878542,
AUTHOR = {Petursson, Halfdan and Getz, Linn and Sigurdsson, Johann and Hetlevik, Irene},
TITLE = {Current European guidelines for management of arterial hypertension: Are they adequate for use in primary care? Modelling study based on the Norwegian HUNT 2 population},
JOURNAL = {BMC Family Practice},
VOLUME = {10},
YEAR = {2009},
NUMBER = {1},
PAGES = {70},
URL = {http://www.biomedcentral.com/1471-2296/10/70},
DOI = {10.1186/1471-2296-10-70},
PubMedID = {19878542},
ISSN = {1471-2296},
}

@ARTICLE{legemiddelgjennomgangTiltak,
title={Legemiddelgjennomgang – viktig tiltak for bedre behandling },
author={Morten Finckenhagen AND Sigurd Hortemo AND Steinar Madsen},
journal={Tidsskriftet for norsk legeforening},
note={Nr.15 134:1454-5},
year={2014},
month={August},
doi={10.4045/tidsskr.14.0877},
url={http://doi.org/10.4045/tidsskr.14.0877},
}

@article{takarabe2011network,
  title={Network-based analysis and characterization of adverse drug--drug interactions},
  author={Takarabe, Masataka and Shigemizu, Daichi and Kotera, Masaaki and Goto, Susumu and Kanehisa, Minoru},
  journal={Journal of chemical information and modeling},
  volume={51},
  number={11},
  pages={2977--2985},
  year={2011},
  publisher={ACS Publications}
}

@MISC{legemiddelgjennomgang,
author={Elin Engh AND Anette Hylen Ranhoff AND Kirsten K. Viktil},
title={G24 Legemiddelgjennomgang (LMG)},
publisher={Norsk Legemiddelhåndbok},
year={2012},
url={http://legemiddelhandboka.no/Generelle/311096},
}

@Article{DrOn,
AUTHOR = {Hanna, Josh and Joseph, Eric and Brochhausen, Mathias and Hogan, William},
TITLE = {Building a drug ontology based on RxNorm and other sources},
JOURNAL = {Journal of Biomedical Semantics},
VOLUME = {4},
YEAR = {2013},
NUMBER = {1},
PAGES = {44},
URL = {http://doi.org/10.1186/2041-1480-4-44},
DOI = {10.1186/2041-1480-4-44},
ISSN = {2041-1480},
}


@incollection{Gangemi,
year={2005},
isbn={978-3-540-29754-3},
booktitle={The Semantic Web – ISWC 2005},
volume={3729},
series={Lecture Notes in Computer Science},
editor={Gil, Yolanda and Motta, Enrico and Benjamins, V.Richard and Musen, MarkA.},
doi={10.1007/11574620_21},
title={Ontology Design Patterns for Semantic Web Content},
url={http://dx.doi.org/10.1007/11574620_21},
publisher={Springer Berlin Heidelberg},
author={Gangemi, Aldo},
pages={262-276},
}

@INPROCEEDINGS{Fox, 
author={Fox, M.S. and Barbuceanu, M. and Gruninger, M.}, 
booktitle={Enabling Technologies: Infrastructure for Collaborative Enterprises, 1995., Proceedings of the Fourth Workshop on}, 
title={An organisation ontology for enterprise modelling: preliminary concepts for linking structure and behaviour}, 
year={1995}, 
month={Apr}, 
pages={71-81}, 
doi={10.1109/ENABL.1995.484550}, 
url={http://dx.doi.org/10.1109/ENABL.1995.484550},
ISSN={1080-1383},
}

@incollection{Rao,
year={2014},
isbn={978-1-4899-7391-7},
booktitle={Knowledge Management for Development},
volume={35},
series={Integrated Series in Information Systems},
editor={Osei-Bryson, Kweku-Muata and Mansingh, Gunjan and Rao, Lila},
doi={10.1007/978-1-4899-7392-4_8},
title={A Methodology for Developing High Quality Ontologies for Knowledge Management},
url={http://dx.doi.org/10.1007/978-1-4899-7392-4_8},
publisher={Springer US},
author={Rao, Lila and Reichgelt, Han and Osei-Bryson, Kweku-Muata},
pages={121-143},
}


@inproceedings{brochhausen2014towards,
title={Towards a foundational representation of potential drug-drug interaction knowledge},
author={Brochhausen, Mathias and Schneider, Jodi and Malone, Daniel and Empey, Philip E and Hogan, William R and Boyce, Richard D},
booktitle={First International Workshop on Drug Interaction Knowledge Representation (DIKR-2014) at the International Conference on Biomedical Ontologies (ICBO 2014)},
year={2014},
}


@incollection{barrysmithOnto,
editor = {Floridi, Luciano},
booktitle={Blackwell Guide to the Philosophy of Computing and Information},
chapter ={11},
title = {Ontology},
author={Barry Smith},
year = {2003},
isbn = {0631229183},
publisher = {Blackwell Publishers, Inc.},
pages= {155-166},
}

@ARTICLE{BuildingDrugOntology,
title = {Building a Drug Ontology based on RxNorm and Other Sources},
author = {Josh Hanna and Eric Joseph and Mathias Brochhausen and William R. Hogan},
year = {2013},
journaltitle = {Journal of Biomedical Semantics},
}

@INPROCEEDINGS{HoganTowards,
AUTHOR = {William R. Hogan and Josh Hanna and Eric Joseph and Mathias Brochhausen},
TITLE = {Towards a Consistent and Scientifically Accurate Drug Ontology},
BOOKTITLE = {ICBO'13},
PAGES = {68-73},
YEAR = {2013},
}

@article{innoMedForprojekt,
author = {Espen H. Aspnes, Nina Vanvik Hansen, Hanne Ekran Thomassen og Ketil Thorvik},
institution = {InnoMed},
title = {Legemiddelgjennomgang i sykehjem. Bruk av elektronisk kommunikasjon for tverrfaglig samarbeid},
year = {2015},
url = {http://www.innomed.no/media/media/filer_private/2015/04/17/93_-_legemiddelgjennomgang_i_sykehjem.pdf},
}

@BOOK{Halvorsen1993,
 author = {Halvorsen, Knut},
 pages = {193},
 title = {Å forske på samfunnet – en innføring i samfunnsvitenskapelig metode},
 year = {1993},
 isbn = {8270377945},
 edition = {3},
 publisher = {Bedriftsøkonomens forlag A/S, Oslo},
} 


@article{toftoy2011praktisk,
  title={Praktisk brukertesting},
  author={Toftøy-Andersen, Eli and Wold, Jon Gunnar},
  journal={Cappelen Damm akademisk},
  year={2011}
}

@article{rind2011interactive,
  title={Interactive information visualization to explore and query electronic health records},
  author={Rind, Alexander and Wang, Taowei David and Aigner, Wolfgang and Miksch, Silvia and Wongsuphasawat, Krist and Plaisant, Catherine and Shneiderman, Ben},
  journal={Foundations and Trends in Human-Computer Interaction},
URL={http://hcil2.cs.umd.edu/trs/2010-19/2010-19.pdf},
  volume={5},
  number={3},
  pages={207--298},
  year={2011},
  publisher={Citeseer}
}

@misc{spense2007information,
  title={Information Visualization: Design for Interaction},
  author={Spense, R},
  year={2007},
  publisher={Prentice Hall}
}


@article{powsner1994graphical,
  title={Graphical summary of patient status},
  author={Powsner, Seth M and Tufte, Edward R},
  journal={The Lancet},
  volume={344},
  number={8919},
  pages={386--389},
  year={1994},
  publisher={Elsevier}
}


@article{shoshi2015graphsaw,
  title={GraphSAW: A web-based system for graphical analysis of drug interactions and side effects using pharmaceutical and molecular data},
  author={Shoshi, Alban and Hoppe, Tobias and Kormeier, Benjamin and Ogultarhan, Venus and Hofest{\"a}dt, Ralf},
  journal={BMC medical informatics and decision making},
  volume={15},
  number={1},
  pages={15},
  year={2015},
  publisher={BioMed Central Ltd}
}

@article{rector1999clinical,
  title={Clinical terminology: why is it so hard?},
  author={Rector, Alan L and others},
  journal={Methods of information in medicine},
  volume={38},
  number={4/5},
  pages={239--252},
  year={1999},
  publisher={Citeseer}
}

@inproceedings{spackman1997snomed,
  title={SNOMED RT: a reference terminology for health care.},
  author={Spackman, Kent A and Campbell, Keith E and C{\^o}t{\'e}, Roger A},
  booktitle={Proceedings of the AMIA annual fall symposium},
  pages={640},
  year={1997},
  organization={American Medical Informatics Association}
}

@book{patton2002qualitative,
  title={Qualitative Research \& Evaluation Methods},
  author={Patton, M.Q.},
  isbn={9780761919711},
  lccn={20015181},
  url={https://books.google.com/books?id=FjBw2oi8El4C},
  year={2002},
  publisher={SAGE Publications},
}

@book{nilssen2012analyse,
  title={Analyse i kvalitative studier: den skrivende forskeren},
  author={Nilssen, V.L.},
  isbn={9788215020471},
  url={https://books.google.com/books?id=RVyYlAEACAAJ},
  year={2012},
  publisher={Universitetsforlaget},
}


</bibtex>